2649 4014
599 247 712 332 92,
813 289 825 305 .
1105 211 1835 309 -'·Mtrn0nvs

599 369 735 454 stri
763 362 1193 452 ediderunt
1227 430 1254 469 ‚
1304 394 1407 450 ex
1432 396 1600 478 quo
1636 393 1887 477 pauca
1911 361 2076 450 huc
2105 371 2404 482 afferre

596 483 886 566 lubuit.
919 508 1296 568 caeterum
1332 480 1432 563 eb
1462 483 1938 563 remittimus
1973 482 2388 589 lectorem,

600 625 711 679 ne
745 620 1025 710 praeter
1058 594 1399 702 instituti,
1416 594 1657 678 nostri
1672 599 2065 692 rationem
2076 600 2394 685 excres-

599 738 831 796 ceret
851 706 1185 793 libellus.
1620 781 1633 790 .

684 823 1100 909 Afferebat
1131 821 1653 914 Mahometus
1671 889 1697 924 ,
1726 819 1953 934 quod
1988 822 2190 908 nihil
2204 852 2388 906 maf-

609 941 729 1052 gis
767 937 1022 1023 obstet
1060 941 1541 1049 paupertati,
1559 933 1798 1049 quam
1823 941 2109 1024 Oratio
2130 1003 2155 1038 ‚
2175 936 2388 1023 &ad

601 1056 890 1137 Deum
919 1045 1106 1133 fusae
1138 1078 1461 1163 preces;
1503 1078 1592 1134 vt
1624 1049 1820 1133 nihil
1853 1057 2097 1166 magis
2129 1055 2385 1140 vitam

600 1160 1032 1275 producat,
1054 1163 1292 1275 quam
1333 1192 1575 1275 opera
1608 1161 1912 1252 iustitiae
1930 1231 1954 1263 ‚
1996 1162 2383 1249 &honor
2420 1172 2433 1179 ’

598 1278 1056 1389 parentibus
1095 1277 1517 1365 exhibitus.
1555 1274 1866 1364 Contra
1904 1275 2101 1362 nihil
2132 1284 2383 1392 magis

601 1389 817 1473 bona
833 1388 1202 1503 prohibet
1218 1456 1243 1496 ,
1261 1417 1641 1504 arcetque
1661 1402 1746 1474 δε
1763 1394 2002 1477 vitam
2017 1396 2375 1502 corripit,

600 1503 852 1618 quam
898 1507 1328 1587 criminum
1381 1507 1855 1616 perpetratio
1875 1571 1900 1605 ‚
1950 1502 2379 1616 praesertim

600 1613 1115 1704 mendacium
1152 1683 1178 1718 ,
1225 1615 1604 1700 scelerum
1639 1621 2006 1701 omnium
2036 1614 2255 1700 radix
2292 1633 2382 1705 δε

599 1733 1101 1842 principium.
1120 1732 1221 1813 In
1237 1730 1469 1813 huius
1488 1735 1601 1811 rei
1615 1730 2365 1841 comprobationem

594 1845 915 1958 legitur,
935 1840 1135 1930 duos
1149 1838 1414 1928 vixiss'e
1427 1842 1568 1926 sub
1586 1841 2044 1934 Mahometi
2059 1872 2375 1955 tempo·-

596 1983 689 2040 re
719 1950 1039 2062 fratres,
1076 1958 1533 2042 mortalium
1552 1958 1917 2040 omnium
1949 1955 2370 2045 scelestiffi-

595 2100 773 2157 mos
789 2122 822 2173 ,-
844 2075 987 2184 qui
1000 2065 1331 2157 tandem
1366 2068 1636 2159 audita
1671 2069 2128 2159 Mahometi
2152 2068 2376 2164 fami

592 2182 1036 2297 resipiscere
1057 2182 1589 2268 decreuerunt
1605 2247 1630 2287 ,
1650 2180 1786 2264 sed
1801 2184 2372 2296 perpetrando..

599 2323 784 2379 rum
815 2302 1242 2385 criminum
1256 2297 1625 2380 habitum
1647 2362 1673 2397 ,
1712 2301 1852 2407 qui
1885 2299 2074 2379 altas
2108 2303 2192 2379 in
2225 2329 2368 2383 eo..

593 2435 772 2491 tum
793 2406 1166 2494 cordibus
1183 2409 1543 2514 emiserat
1559 2405 1859 2509 radices
1878 2475 1901 2509 ,
1920 2408 1964 2493 a
1984 2409 2061 2508 se
2080 2439 2366 2496 exuere

593 2517 812 2633 poffe
855 2517 1183 2606 minime
1236 2520 1781 2610 confidebant.
1818 2522 2364 2608 Nihilominus

598 2633 1177 2721 Mahometum
1212 2632 1552 2738 adeunt,
1588 2633 2085 2747 eumque'de
2123 2636 2368 2726 salute

595 2745 1066 2852 consulunt,
1082 2761 1168 2839 δε
1189 2747 1534 2834 exuendi
1570 2750 1758 2845 mali
1778 2749 2090 2837 habitus
2123 2782 2363 2865 expo-

595 2886 808 2951 nunt
855 2865 932 2946 ci
962 2858 1543 2949 difficultatem.
1668 2866 1784 2963 ui,
1824 2893 2052 2975 aequo
2096 2870 2362 2949 animo

595 2974 887 3077 estote,
917 2980 1027 3059 ait
1058 2975 1210 3058 illis
1229 2994 1264 3076 ‚'
1283 2976 1678 3061 vestrama
1767 3005 1898 3058 me
1926 2982 2221 3088 recipio
2246 2979 2367 3081 ,sae

593 3088 846 3172 lutem
867 3155 894 3191 ,
931 3086 981 3170 fi
1000 3087 1338 3201 praestito
1360 3088 1559 3171 mihi
1588 3098 2033 3189 iuramento
2066 3089 2167 3173 ab
2215 3123 2362 3197 vno

515 3258 520 3269 -
596 3196 984 3285 duntaxat
1031 3200 1549 3286 abstinueritis
1587 3197 2007 3303 mendacio
2028 3270 2053 3305 ‚
2089 3233 2370 3297 caetera

598 3341 933 3425 peccata
964 3312 1192 3398 vobis
1205 3311 1531 3426 impune·
1551 3319 1950 3427 permitto..
1972 3324 2125 3402 His
2146 3348 2240 3402 au
2249 3315 2367 3401 di..

601 3429 704 3511 tis
753 3426 800 3512 ὲ
838 3426 1321 3529 Mahomssto
1353 3422 1629 3527 fram-5
1667 3425 2006 3519 libenter
2037 3432 2365 3547 praestito
